@misc{wikipedia-search-engine,
    title = {Search engine - Wikipedia},
    howpublished = {https://en.wikipedia.org/wiki/Search\_engine},
    note = {Accessed: 2021-06-18}
}

@misc{baike-search-engine,
    title = {搜索引擎\_百度百科},
    howpublished = {https://baike.baidu.com/item/%E6%90%9C%E7%B4%A2%E5%BC%95%E6%93%8E/104812},
    note = {Accessed: 2021-06-18}
}

@misc{docs-jps,
    title = {The jps Command},
    howpublished = {https://docs.oracle.com/en/java/javase/13/docs/specs/man/jps.html},
    note = {Accessed: 2021-06-18}
}

@misc{docs-hadoop-single-node,
    title = {Apache Hadoop 3.2.2 – Hadoop: Setting up a Single Node Cluster.},
    howpublished = {https://hadoop.apache.org/docs/r3.2.2/hadoop-project-dist/hadoop-common/SingleCluster.html},
    note = {Accessed: 2021-06-18}
}

@misc{docs-hdfs,
    title = {HDFS Architecture Guide},
    howpublished = {https://hadoop.apache.org/docs/r1.2.1/hdfs\_design.html},
    note = {Accessed: 2021-06-18}
}

@misc{docs-hbase,
    title = {Apache HBase – Apache HBase™ Home},
    howpublished = {https://hbase.apache.org/},
    note = {Accessed: 2021-06-18}
}

@misc{github-jieba-java,
    title = {huaban/jieba-analysis: 结巴分词(java版)},
    howpublished = {https://github.com/huaban/jieba-analysis},
    note = {Accessed: 2021-06-18}
}

@misc{wikipedia-pagerank,
    title = {PageRank - Wikipedia},
    howpublished = {https://en.wikipedia.org/wiki/PageRank},
    note = {Accessed: 2021-06-18}
}

@misc{docs-happybase,
    title = {HappyBase &mdash; HappyBase 1.2.0 documentation},
    howpublished = {https://happybase.readthedocs.io/en/latest/},
    note = {Accessed: 2021-06-18}
}

@misc{docs-django,
    title = {The Web framework for perfectionists with deadlines | Django},
    howpublished = {https://www.djangoproject.com/},
    note = {Accessed: 2021-06-18}
}

@misc{github-frp,
    title = {fatedier/frp: A fast reverse proxy to help you expose a local server behind a NAT or firewall to the internet.},
    howpublished = {https://github.com/fatedier/frp},
    note = {Accessed: 2021-06-18}
}